%YAML 1.1
%TAG !u! tag:unity3d.com,2011:
--- !u!29 &1
OcclusionCullingSettings:
  m_ObjectHideFlags: 0
  serializedVersion: 2
  m_OcclusionBakeSettings:
    smallestOccluder: 5
    smallestHole: 0.25
    backfaceThreshold: 100
  m_SceneGUID: 00000000000000000000000000000000
  m_OcclusionCullingData: {fileID: 0}
--- !u!104 &2
RenderSettings:
  m_ObjectHideFlags: 0
  serializedVersion: 9
  m_Fog: 0
  m_FogColor: {r: 0.5, g: 0.5, b: 0.5, a: 1}
  m_FogMode: 3
  m_FogDensity: 0.01
  m_LinearFogStart: 0
  m_LinearFogEnd: 300
  m_AmbientSkyColor: {r: 0.212, g: 0.227, b: 0.259, a: 1}
  m_AmbientEquatorColor: {r: 0.114, g: 0.125, b: 0.133, a: 1}
  m_AmbientGroundColor: {r: 0.047, g: 0.043, b: 0.035, a: 1}
  m_AmbientIntensity: 1
  m_AmbientMode: 3
  m_SubtractiveShadowColor: {r: 0.42, g: 0.478, b: 0.627, a: 1}
  m_SkyboxMaterial: {fileID: 0}
  m_HaloStrength: 0.5
  m_FlareStrength: 1
  m_FlareFadeSpeed: 3
  m_HaloTexture: {fileID: 0}
  m_SpotCookie: {fileID: 10001, guid: 0000000000000000e000000000000000, type: 0}
  m_DefaultReflectionMode: 0
  m_DefaultReflectionResolution: 128
  m_ReflectionBounces: 1
  m_ReflectionIntensity: 1
  m_CustomReflection: {fileID: 0}
  m_Sun: {fileID: 0}
  m_IndirectSpecularColor: {r: 0, g: 0, b: 0, a: 1}
  m_UseRadianceAmbientProbe: 0
--- !u!157 &3
LightmapSettings:
  m_ObjectHideFlags: 0
  serializedVersion: 11
  m_GIWorkflowMode: 1
  m_GISettings:
    serializedVersion: 2
    m_BounceScale: 1
    m_IndirectOutputScale: 1
    m_AlbedoBoost: 1
    m_EnvironmentLightingMode: 0
    m_EnableBakedLightmaps: 0
    m_EnableRealtimeLightmaps: 0
  m_LightmapEditorSettings:
    serializedVersion: 12
    m_Resolution: 2
    m_BakeResolution: 40
    m_AtlasSize: 1024
    m_AO: 0
    m_AOMaxDistance: 1
    m_CompAOExponent: 1
    m_CompAOExponentDirect: 0
    m_ExtractAmbientOcclusion: 0
    m_Padding: 2
    m_LightmapParameters: {fileID: 0}
    m_LightmapsBakeMode: 1
    m_TextureCompression: 1
    m_FinalGather: 0
    m_FinalGatherFiltering: 1
    m_FinalGatherRayCount: 256
    m_ReflectionCompression: 2
    m_MixedBakeMode: 2
    m_BakeBackend: 1
    m_PVRSampling: 1
    m_PVRDirectSampleCount: 32
    m_PVRSampleCount: 512
    m_PVRBounces: 2
    m_PVREnvironmentSampleCount: 256
    m_PVREnvironmentReferencePointCount: 2048
    m_PVRFilteringMode: 1
    m_PVRDenoiserTypeDirect: 1
    m_PVRDenoiserTypeIndirect: 1
    m_PVRDenoiserTypeAO: 1
    m_PVRFilterTypeDirect: 0
    m_PVRFilterTypeIndirect: 0
    m_PVRFilterTypeAO: 0
    m_PVREnvironmentMIS: 1
    m_PVRCulling: 1
    m_PVRFilteringGaussRadiusDirect: 1
    m_PVRFilteringGaussRadiusIndirect: 5
    m_PVRFilteringGaussRadiusAO: 2
    m_PVRFilteringAtrousPositionSigmaDirect: 0.5
    m_PVRFilteringAtrousPositionSigmaIndirect: 2
    m_PVRFilteringAtrousPositionSigmaAO: 1
    m_ExportTrainingData: 0
    m_TrainingDataDestination: TrainingData
    m_LightProbeSampleCountMultiplier: 4
  m_LightingDataAsset: {fileID: 0}
  m_UseShadowmask: 1
--- !u!196 &4
NavMeshSettings:
  serializedVersion: 2
  m_ObjectHideFlags: 0
  m_BuildSettings:
    serializedVersion: 2
    agentTypeID: 0
    agentRadius: 0.5
    agentHeight: 2
    agentSlope: 45
    agentClimb: 0.4
    ledgeDropHeight: 0
    maxJumpAcrossDistance: 0
    minRegionArea: 2
    manualCellSize: 0
    cellSize: 0.16666667
    manualTileSize: 0
    tileSize: 256
    accuratePlacement: 0
    debug:
      m_Flags: 0
  m_NavMeshData: {fileID: 0}
--- !u!1 &127000242
GameObject:
  m_ObjectHideFlags: 0
  m_CorrespondingSourceObject: {fileID: 0}
  m_PrefabInstance: {fileID: 0}
  m_PrefabAsset: {fileID: 0}
  serializedVersion: 6
  m_Component:
  - component: {fileID: 127000258}
  - component: {fileID: 127000257}
  - component: {fileID: 127000256}
  - component: {fileID: 127000255}
  - component: {fileID: 127000254}
  - component: {fileID: 127000253}
  - component: {fileID: 127000252}
  - component: {fileID: 127000251}
  - component: {fileID: 127000250}
  - component: {fileID: 127000249}
  - component: {fileID: 127000248}
  - component: {fileID: 127000247}
  - component: {fileID: 127000246}
  - component: {fileID: 127000245}
  - component: {fileID: 127000244}
  - component: {fileID: 127000243}
  - component: {fileID: 127000259}
  m_Layer: 0
  m_Name: Flowchart
  m_TagString: Untagged
  m_Icon: {fileID: 0}
  m_NavMeshLayer: 0
  m_StaticEditorFlags: 0
  m_IsActive: 1
--- !u!114 &127000243
MonoBehaviour:
  m_ObjectHideFlags: 2
  m_CorrespondingSourceObject: {fileID: 0}
  m_PrefabInstance: {fileID: 0}
  m_PrefabAsset: {fileID: 0}
  m_GameObject: {fileID: 127000242}
  m_Enabled: 1
  m_EditorHideFlags: 0
  m_Script: {fileID: 11500000, guid: 00d03ae0919f04264b018681ed534177, type: 3}
  m_Name: 
  m_EditorClassIdentifier: 
  itemId: 90
  indentLevel: 0
  _sceneName:
    stringRef: {fileID: 0}
    stringVal: 07c House Intro
  loadingImage: {fileID: 0}
  sceneNameOLD: 
--- !u!114 &127000244
MonoBehaviour:
  m_ObjectHideFlags: 2
  m_CorrespondingSourceObject: {fileID: 0}
  m_PrefabInstance: {fileID: 0}
  m_PrefabAsset: {fileID: 0}
  m_GameObject: {fileID: 127000242}
  m_Enabled: 1
  m_EditorHideFlags: 0
  m_Script: {fileID: 11500000, guid: 2d7d417659cd54a6787f70f763950c34, type: 3}
  m_Name: 
  m_EditorClassIdentifier: 
  parentBlock: {fileID: 127000245}
  message: Load
--- !u!114 &127000245
MonoBehaviour:
  m_ObjectHideFlags: 2
  m_CorrespondingSourceObject: {fileID: 0}
  m_PrefabInstance: {fileID: 0}
  m_PrefabAsset: {fileID: 0}
  m_GameObject: {fileID: 127000242}
  m_Enabled: 1
  m_EditorHideFlags: 0
  m_Script: {fileID: 11500000, guid: 3d3d73aef2cfc4f51abf34ac00241f60, type: 3}
  m_Name: 
  m_EditorClassIdentifier: 
  nodeRect:
    serializedVersion: 2
    x: 164.49872
    y: 326.4494
    width: 120
    height: 40
  tint: {r: 1, g: 1, b: 1, a: 1}
  useCustomTint: 0
  itemId: 89
  blockName: Load
  description: 
  eventHandler: {fileID: 127000244}
  commandList:
  - {fileID: 127000243}
--- !u!114 &127000246
MonoBehaviour:
  m_ObjectHideFlags: 2
  m_CorrespondingSourceObject: {fileID: 0}
  m_PrefabInstance: {fileID: 0}
  m_PrefabAsset: {fileID: 0}
  m_GameObject: {fileID: 127000242}
  m_Enabled: 1
  m_EditorHideFlags: 0
  m_Script: {fileID: 11500000, guid: 8ff5d850a887844fe87ae7d366d3ab5e, type: 3}
  m_Name: 
  m_EditorClassIdentifier: 
  parentBlock: {fileID: 127000250}
--- !u!114 &127000247
MonoBehaviour:
  m_ObjectHideFlags: 2
  m_CorrespondingSourceObject: {fileID: 0}
  m_PrefabInstance: {fileID: 0}
  m_PrefabAsset: {fileID: 0}
  m_GameObject: {fileID: 127000242}
  m_Enabled: 1
  m_EditorHideFlags: 0
  m_Script: {fileID: 11500000, guid: 841589fc622bc494aa5405f416fa1301, type: 3}
  m_Name: 
  m_EditorClassIdentifier: 
  itemId: 88
  indentLevel: 0
  text: Italian
  description: 
  targetBlock: {fileID: 127000256}
  hideIfVisited: 0
  interactable:
    booleanRef: {fileID: 0}
    booleanVal: 1
  setMenuDialog: {fileID: 0}
  hideThisOption:
    booleanRef: {fileID: 0}
    booleanVal: 0
--- !u!114 &127000248
MonoBehaviour:
  m_ObjectHideFlags: 2
  m_CorrespondingSourceObject: {fileID: 0}
  m_PrefabInstance: {fileID: 0}
  m_PrefabAsset: {fileID: 0}
  m_GameObject: {fileID: 127000242}
  m_Enabled: 1
  m_EditorHideFlags: 0
  m_Script: {fileID: 11500000, guid: 841589fc622bc494aa5405f416fa1301, type: 3}
  m_Name: 
  m_EditorClassIdentifier: 
  itemId: 87
  indentLevel: 0
  text: English
  description: 
  targetBlock: {fileID: 127000254}
  hideIfVisited: 0
  interactable:
    booleanRef: {fileID: 0}
    booleanVal: 1
  setMenuDialog: {fileID: 0}
  hideThisOption:
    booleanRef: {fileID: 0}
    booleanVal: 0
--- !u!114 &127000249
MonoBehaviour:
  m_ObjectHideFlags: 2
  m_CorrespondingSourceObject: {fileID: 0}
  m_PrefabInstance: {fileID: 0}
  m_PrefabAsset: {fileID: 0}
  m_GameObject: {fileID: 127000242}
  m_Enabled: 1
  m_EditorHideFlags: 0
  m_Script: {fileID: 11500000, guid: 841589fc622bc494aa5405f416fa1301, type: 3}
  m_Name: 
  m_EditorClassIdentifier: 
  itemId: 86
  indentLevel: 0
  text: French
  description: 
  targetBlock: {fileID: 127000252}
  hideIfVisited: 0
  interactable:
    booleanRef: {fileID: 0}
    booleanVal: 1
  setMenuDialog: {fileID: 0}
  hideThisOption:
    booleanRef: {fileID: 0}
    booleanVal: 0
--- !u!114 &127000250
MonoBehaviour:
  m_ObjectHideFlags: 2
  m_CorrespondingSourceObject: {fileID: 0}
  m_PrefabInstance: {fileID: 0}
  m_PrefabAsset: {fileID: 0}
  m_GameObject: {fileID: 127000242}
  m_Enabled: 1
  m_EditorHideFlags: 0
  m_Script: {fileID: 11500000, guid: 3d3d73aef2cfc4f51abf34ac00241f60, type: 3}
  m_Name: 
  m_EditorClassIdentifier: 
  nodeRect:
    serializedVersion: 2
    x: -66.80257
    y: 114.37885
    width: 164.9254
    height: 40
  tint: {r: 1, g: 1, b: 1, a: 1}
  useCustomTint: 0
  itemId: 10
  blockName: Localization (Copy)
  description: 
  eventHandler: {fileID: 127000246}
  commandList:
  - {fileID: 127000249}
  - {fileID: 127000248}
  - {fileID: 127000247}
--- !u!114 &127000251
MonoBehaviour:
  m_ObjectHideFlags: 2
  m_CorrespondingSourceObject: {fileID: 0}
  m_PrefabInstance: {fileID: 0}
  m_PrefabAsset: {fileID: 0}
  m_GameObject: {fileID: 127000242}
  m_Enabled: 1
  m_EditorHideFlags: 0
  m_Script: {fileID: 11500000, guid: 3fc625e237d6048bf86f34835d8266d9, type: 3}
  m_Name: 
  m_EditorClassIdentifier: 
  itemId: 77
  indentLevel: 0
  _languageCode:
    stringRef: {fileID: 0}
    stringVal: fr
  languageCodeOLD: 
--- !u!114 &127000252
MonoBehaviour:
  m_ObjectHideFlags: 2
  m_CorrespondingSourceObject: {fileID: 0}
  m_PrefabInstance: {fileID: 0}
  m_PrefabAsset: {fileID: 0}
  m_GameObject: {fileID: 127000242}
  m_Enabled: 1
  m_EditorHideFlags: 0
  m_Script: {fileID: 11500000, guid: 3d3d73aef2cfc4f51abf34ac00241f60, type: 3}
  m_Name: 
  m_EditorClassIdentifier: 
  nodeRect:
    serializedVersion: 2
    x: 151.16156
    y: 177.30237
    width: 135.07465
    height: 40
  tint: {r: 1, g: 1, b: 1, a: 1}
  useCustomTint: 0
  itemId: 16
  blockName: French (Copy)
  description: 
  eventHandler: {fileID: 0}
  commandList:
  - {fileID: 127000251}
--- !u!114 &127000253
MonoBehaviour:
  m_ObjectHideFlags: 2
  m_CorrespondingSourceObject: {fileID: 0}
  m_PrefabInstance: {fileID: 0}
  m_PrefabAsset: {fileID: 0}
  m_GameObject: {fileID: 127000242}
  m_Enabled: 1
  m_EditorHideFlags: 0
  m_Script: {fileID: 11500000, guid: 3fc625e237d6048bf86f34835d8266d9, type: 3}
  m_Name: 
  m_EditorClassIdentifier: 
  itemId: 74
  indentLevel: 0
  _languageCode:
    stringRef: {fileID: 0}
    stringVal: en
  languageCodeOLD: 
--- !u!114 &127000254
MonoBehaviour:
  m_ObjectHideFlags: 2
  m_CorrespondingSourceObject: {fileID: 0}
  m_PrefabInstance: {fileID: 0}
  m_PrefabAsset: {fileID: 0}
  m_GameObject: {fileID: 127000242}
  m_Enabled: 1
  m_EditorHideFlags: 0
  m_Script: {fileID: 11500000, guid: 3d3d73aef2cfc4f51abf34ac00241f60, type: 3}
  m_Name: 
  m_EditorClassIdentifier: 
  nodeRect:
    serializedVersion: 2
    x: 154.02249
    y: 114.616486
    width: 135.07465
    height: 40
  tint: {r: 1, g: 1, b: 1, a: 1}
  useCustomTint: 0
  itemId: 17
  blockName: English (Copy)
  description: 
  eventHandler: {fileID: 0}
  commandList:
  - {fileID: 127000253}
  - {fileID: 127000259}
--- !u!114 &127000255
MonoBehaviour:
  m_ObjectHideFlags: 2
  m_CorrespondingSourceObject: {fileID: 0}
  m_PrefabInstance: {fileID: 0}
  m_PrefabAsset: {fileID: 0}
  m_GameObject: {fileID: 127000242}
  m_Enabled: 1
  m_EditorHideFlags: 0
  m_Script: {fileID: 11500000, guid: 3fc625e237d6048bf86f34835d8266d9, type: 3}
  m_Name: 
  m_EditorClassIdentifier: 
  itemId: 1
  indentLevel: 0
  _languageCode:
    stringRef: {fileID: 0}
    stringVal: it
  languageCodeOLD: 
--- !u!114 &127000256
MonoBehaviour:
  m_ObjectHideFlags: 2
  m_CorrespondingSourceObject: {fileID: 0}
  m_PrefabInstance: {fileID: 0}
  m_PrefabAsset: {fileID: 0}
  m_GameObject: {fileID: 127000242}
  m_Enabled: 1
  m_EditorHideFlags: 0
  m_Script: {fileID: 11500000, guid: 3d3d73aef2cfc4f51abf34ac00241f60, type: 3}
  m_Name: 
  m_EditorClassIdentifier: 
  nodeRect:
    serializedVersion: 2
    x: 156.53043
    y: 48.6976
    width: 129.10449
    height: 40
  tint: {r: 1, g: 1, b: 1, a: 1}
  useCustomTint: 0
  itemId: 72
  blockName: Italian (Copy)
  description: 
  eventHandler: {fileID: 0}
  commandList:
  - {fileID: 127000255}
--- !u!114 &127000257
MonoBehaviour:
  m_ObjectHideFlags: 0
  m_CorrespondingSourceObject: {fileID: 0}
  m_PrefabInstance: {fileID: 0}
  m_PrefabAsset: {fileID: 0}
  m_GameObject: {fileID: 127000242}
  m_Enabled: 1
  m_EditorHideFlags: 0
  m_Script: {fileID: 11500000, guid: 7a334fe2ffb574b3583ff3b18b4792d3, type: 3}
  m_Name: 
  m_EditorClassIdentifier: 
  version: 1
  scrollPos: {x: 201.76996, y: 168.45068}
  variablesScrollPos: {x: 0, y: 0}
  variablesExpanded: 1
  blockViewHeight: 400
  zoom: 0.66999984
  scrollViewRect:
    serializedVersion: 2
    x: -343
    y: -340
    width: 1114
    height: 859
  selectedBlocks:
  - {fileID: 127000245}
  selectedCommands: []
  variables: []
  description: 
  stepPause: 0
  colorCommands: 1
  hideComponents: 1
  saveSelection: 1
  localizationId: association_localization
  showLineNumbers: 0
  hideCommands: []
  luaEnvironment: {fileID: 0}
  luaBindingName: flowchart
--- !u!4 &127000258
Transform:
  m_ObjectHideFlags: 0
  m_CorrespondingSourceObject: {fileID: 0}
  m_PrefabInstance: {fileID: 0}
  m_PrefabAsset: {fileID: 0}
  m_GameObject: {fileID: 127000242}
  m_LocalRotation: {x: -0, y: -0, z: -0, w: 1}
  m_LocalPosition: {x: 0, y: 0, z: 0}
  m_LocalScale: {x: 1, y: 1, z: 1}
  m_Children: []
  m_Father: {fileID: 0}
  m_RootOrder: 2
  m_LocalEulerAnglesHint: {x: 0, y: 0, z: 0}
--- !u!114 &127000259
MonoBehaviour:
  m_ObjectHideFlags: 2
  m_CorrespondingSourceObject: {fileID: 0}
  m_PrefabInstance: {fileID: 0}
  m_PrefabAsset: {fileID: 0}
  m_GameObject: {fileID: 127000242}
  m_Enabled: 1
  m_EditorHideFlags: 0
  m_Script: {fileID: 11500000, guid: c43743931d28f43f89eced820d907351, type: 3}
  m_Name: 
  m_EditorClassIdentifier: 
  itemId: 91
  indentLevel: 0
  messageTarget: 0
  _message:
    stringRef: {fileID: 0}
    stringVal: Load
  messageOLD: 
--- !u!1 &725506043
GameObject:
  m_ObjectHideFlags: 0
  m_CorrespondingSourceObject: {fileID: 0}
  m_PrefabInstance: {fileID: 0}
  m_PrefabAsset: {fileID: 0}
  serializedVersion: 6
  m_Component:
  - component: {fileID: 725506045}
  - component: {fileID: 725506044}
  m_Layer: 0
  m_Name: Localization
  m_TagString: Untagged
  m_Icon: {fileID: 0}
  m_NavMeshLayer: 0
  m_StaticEditorFlags: 0
  m_IsActive: 1
--- !u!114 &725506044
MonoBehaviour:
  m_ObjectHideFlags: 0
  m_CorrespondingSourceObject: {fileID: 0}
  m_PrefabInstance: {fileID: 0}
  m_PrefabAsset: {fileID: 0}
  m_GameObject: {fileID: 725506043}
  m_Enabled: 1
  m_EditorHideFlags: 0
  m_Script: {fileID: 11500000, guid: e5724422a635e425bae0af9ffe2615d6, type: 3}
  m_Name: 
  m_EditorClassIdentifier: 
  activeLanguage: 
  localizationFile: {fileID: 4900000, guid: 8be94b053ad99e740a818530d35a64a5, type: 3}
--- !u!4 &725506045
Transform:
  m_ObjectHideFlags: 0
  m_CorrespondingSourceObject: {fileID: 0}
  m_PrefabInstance: {fileID: 0}
  m_PrefabAsset: {fileID: 0}
  m_GameObject: {fileID: 725506043}
  m_LocalRotation: {x: 0, y: 0, z: 0, w: 1}
  m_LocalPosition: {x: 0, y: 0, z: 0}
  m_LocalScale: {x: 1, y: 1, z: 1}
  m_Children: []
  m_Father: {fileID: 0}
  m_RootOrder: 3
  m_LocalEulerAnglesHint: {x: 0, y: 0, z: 0}
--- !u!1 &1416446660
GameObject:
  m_ObjectHideFlags: 1
  m_CorrespondingSourceObject: {fileID: 0}
  m_PrefabInstance: {fileID: 0}
  m_PrefabAsset: {fileID: 0}
  serializedVersion: 6
  m_Component:
  - component: {fileID: 1416446662}
  - component: {fileID: 1416446661}
  m_Layer: 0
  m_Name: _FungusState
  m_TagString: Untagged
  m_Icon: {fileID: 0}
  m_NavMeshLayer: 0
  m_StaticEditorFlags: 0
  m_IsActive: 1
--- !u!114 &1416446661
MonoBehaviour:
  m_ObjectHideFlags: 1
  m_CorrespondingSourceObject: {fileID: 0}
  m_PrefabInstance: {fileID: 0}
  m_PrefabAsset: {fileID: 0}
  m_GameObject: {fileID: 1416446660}
  m_Enabled: 1
  m_EditorHideFlags: 0
  m_Script: {fileID: 11500000, guid: 61dddfdc5e0e44ca298d8f46f7f5a915, type: 3}
  m_Name: 
  m_EditorClassIdentifier: 
  selectedFlowchart: {fileID: 127000257}
--- !u!4 &1416446662
Transform:
  m_ObjectHideFlags: 1
  m_CorrespondingSourceObject: {fileID: 0}
  m_PrefabInstance: {fileID: 0}
  m_PrefabAsset: {fileID: 0}
  m_GameObject: {fileID: 1416446660}
  m_LocalRotation: {x: 0, y: 0, z: 0, w: 1}
  m_LocalPosition: {x: 0, y: 0, z: 0}
  m_LocalScale: {x: 1, y: 1, z: 1}
  m_Children: []
  m_Father: {fileID: 0}
  m_RootOrder: 1
  m_LocalEulerAnglesHint: {x: 0, y: 0, z: 0}
--- !u!1 &2009534575
GameObject:
  m_ObjectHideFlags: 0
  m_CorrespondingSourceObject: {fileID: 0}
  m_PrefabInstance: {fileID: 0}
  m_PrefabAsset: {fileID: 0}
  serializedVersion: 6
  m_Component:
  - component: {fileID: 2009534578}
  - component: {fileID: 2009534577}
  - component: {fileID: 2009534576}
  m_Layer: 0
  m_Name: Main Camera
  m_TagString: MainCamera
  m_Icon: {fileID: 0}
  m_NavMeshLayer: 0
  m_StaticEditorFlags: 0
  m_IsActive: 1
--- !u!81 &2009534576
AudioListener:
  m_ObjectHideFlags: 0
  m_CorrespondingSourceObject: {fileID: 0}
  m_PrefabInstance: {fileID: 0}
  m_PrefabAsset: {fileID: 0}
  m_GameObject: {fileID: 2009534575}
  m_Enabled: 1
--- !u!20 &2009534577
Camera:
  m_ObjectHideFlags: 0
  m_CorrespondingSourceObject: {fileID: 0}
  m_PrefabInstance: {fileID: 0}
  m_PrefabAsset: {fileID: 0}
  m_GameObject: {fileID: 2009534575}
  m_Enabled: 1
  serializedVersion: 2
  m_ClearFlags: 1
  m_BackGroundColor: {r: 0.19215687, g: 0.3019608, b: 0.4745098, a: 0}
  m_projectionMatrixMode: 1
  m_GateFitMode: 2
  m_FOVAxisMode: 0
  m_SensorSize: {x: 36, y: 24}
  m_LensShift: {x: 0, y: 0}
  m_FocalLength: 50
  m_NormalizedViewPortRect:
    serializedVersion: 2
    x: 0
    y: 0
    width: 1
    height: 1
  near clip plane: 0.3
  far clip plane: 1000
  field of view: 60
  orthographic: 1
  orthographic size: 5
  m_Depth: -1
  m_CullingMask:
    serializedVersion: 2
    m_Bits: 4294967295
  m_RenderingPath: -1
  m_TargetTexture: {fileID: 0}
  m_TargetDisplay: 0
  m_TargetEye: 3
  m_HDR: 1
  m_AllowMSAA: 1
  m_AllowDynamicResolution: 0
  m_ForceIntoRT: 0
  m_OcclusionCulling: 1
  m_StereoConvergence: 10
  m_StereoSeparation: 0.022
--- !u!4 &2009534578
Transform:
  m_ObjectHideFlags: 0
  m_CorrespondingSourceObject: {fileID: 0}
  m_PrefabInstance: {fileID: 0}
  m_PrefabAsset: {fileID: 0}
  m_GameObject: {fileID: 2009534575}
  m_LocalRotation: {x: 0, y: 0, z: 0, w: 1}
  m_LocalPosition: {x: 0, y: 0, z: -10}
  m_LocalScale: {x: 1, y: 1, z: 1}
  m_Children: []
  m_Father: {fileID: 0}
  m_RootOrder: 0
  m_LocalEulerAnglesHint: {x: 0, y: 0, z: 0}
